<record><leader>00000cas a22000007a 4500</leader><controlfield tag="001">13291411</controlfield><controlfield tag="008">860313d19251977wvudr ne      0    0eng d</controlfield><datafield ind1=" " ind2=" " tag="010"><subfield code="a">sn 86092380 </subfield></datafield><datafield ind1=" " ind2=" " tag="040"><subfield code="a">WVC</subfield><subfield code="b">eng</subfield><subfield code="c">WVC</subfield><subfield code="d">OCL</subfield><subfield code="d">OCLCQ</subfield></datafield><datafield ind1=" " ind2=" " tag="042"><subfield code="a">msc</subfield></datafield><datafield ind1="0" ind2="4" tag="245"><subfield code="a">The Buckhannon record.</subfield></datafield><datafield ind1="1" ind2="3" tag="246"><subfield code="a">Buckhannon record, spirit of freedom</subfield></datafield><datafield ind1=" " ind2=" " tag="260"><subfield code="a">Buckhannon, W. Va. :</subfield><subfield code="b">Upshur Publ. Co.,</subfield><subfield code="c">1925-1977.</subfield></datafield><datafield ind1=" " ind2=" " tag="300"><subfield code="a">v.</subfield></datafield><datafield ind1=" " ind2=" " tag="310"><subfield code="a">Daily (except Sat. &amp; Sun.),</subfield><subfield code="b">1975-1977</subfield></datafield><datafield ind1=" " ind2=" " tag="321"><subfield code="a">Weekly,</subfield><subfield code="b">1925-1975</subfield></datafield><datafield ind1="0" ind2=" " tag="362"><subfield code="a">Vol. 51, no. 35 (June 25, 1925)-One Hundred First year, no. 71 (Mar. 11, 1977).</subfield></datafield><datafield ind1=" " ind2=" " tag="515"><subfield code="a">Continued the numbering of: Upshur record.</subfield></datafield><datafield ind1=" " ind2=" " tag="752"><subfield code="a">United States</subfield><subfield code="b">West Virginia</subfield><subfield code="c">Upshur</subfield><subfield code="d">Buckhannon.</subfield></datafield><datafield ind1="0" ind2="0" tag="780"><subfield code="t">Upshur record</subfield><subfield code="w">(DLC)sn 86092379</subfield></datafield><datafield ind1="0" ind2="7" tag="785"><subfield code="t">Record delta</subfield><subfield code="w">(DLC)sn 86092386</subfield></datafield></record>